<?xml version="1.0" encoding="UTF-8"?><collection xmlns="http://www.loc.gov/MARC21/slim"><record><leader>00446nam--2200181-i-4500</leader><controlfield tag="001">000021223</controlfield><controlfield tag="002">20161230</controlfield><controlfield tag="005">20161230201034</controlfield><controlfield tag="008">060222s1000------------r-----000-0-rus-d</controlfield><datafield ind1=" " ind2=" " tag="040"><subfield code="a">IFIN-HH</subfield></datafield><datafield ind1=" " ind2=" " tag="041"><subfield code="a">rus</subfield></datafield><datafield ind1=" " ind2=" " tag="080"><subfield code="a">539.14:539.17</subfield></datafield><datafield ind1="1" ind2=" " tag="100"><subfield code="a">Kravtov, V.A</subfield></datafield><datafield ind1="1" ind2="0" tag="245"><subfield code="a">Massi atomov i energii sviazi iader</subfield><subfield code="c">V.a. kravtov</subfield></datafield><datafield ind1=" " ind2=" " tag="260"><subfield code="a">Moskva</subfield><subfield code="b">Atoizdat</subfield><subfield code="c">1955</subfield></datafield><datafield ind1=" " ind2=" " tag="300"><subfield code="a">376P</subfield></datafield><datafield ind1=" " ind2=" " tag="852"><subfield code="a">21358</subfield><subfield code="c">539.14</subfield></datafield><datafield ind1=" " ind2=" " tag="CAT"><subfield code="a">Sys</subfield><subfield code="c">20120323</subfield><subfield code="h">123111</subfield></datafield></record></collection>